% This file was created with JabRef 2.6.
% Encoding: UTF-8

@ARTICLE{agarwal2011,
  author = {Agarwal, Sameer and Furukawa, Yasutaka and Snavely, Noah and Simon,
	Ian and Curless, Brian and Seitz, Steven M. and Szeliski, Richard},
  title = {Building Rome in a day},
  journal = {Commun. ACM},
  year = {2011},
  volume = {54},
  pages = {105--112},
  number = {10},
  month = oct,
  acmid = {2001293},
  address = {New York, NY, USA},
  doi = {10.1145/2001269.2001293},
  issn = {0001-0782},
  issue_date = {October 2011},
  numpages = {8},
  publisher = {ACM},
  url = {http://doi.acm.org/10.1145/2001269.2001293}
}

@Book{Hofmeister2011,
	author       = "Marius Hofmeister",
	title        = "Self-Localization, Mapping and Coverage with Resource-Limited Mobile Robots",
	publisher    = "Logos Verlag Berlin GmbH",
	address      = "Berlin",
	year         = "2011",
	isbn         = "978-3-8325-2887-4",
}

@Book{RusNor2012,
	author       = "Stuart Russell; Peter Norvig ",
	title        = "Kuenstliche Intelligenz",
	publisher    = "Pearson Deutschland GmbH",
	address      = "Hallbergmoos",
	year         = "2012",
	isbn         = "978-3-86894-098-5",
}

@Book{McKerrow1991,
	author       = "Phillip John McKerrow ",
	title        = "Introduction to Robotics",
	publisher    = "Addison-Wesley Publishers Ltd.",
	address      = "Sydney",
	year         = "1991",
	isbn         = "0-201-18240-8",
}

@Book{BaMi2010,
	author       = "T. Bajd; M.Mihelj; J.Lenarcic; A.Stanovnik; M.Munih ",
	title        = "Robotics",
	publisher    = "Springer Science + Business Media B.V..",
	address      = "Heidelberg",
	year         = "2010",
	isbn         = "978-90-481-3775-6",
}

@Book{Hering2012,
	author       = "Ekbert Hering; Gert Schönfelder ",
	title        = "Sensoren in Wissenschaft und Technik",
	publisher    = "Vieweg+ Teubner Verlag ",
	address      = "Wiesbaden",
	year         = "2012",
	isbn         = "978-3-8348-0169-2",
}

@Book{HeLiNue2012,
author       = "Joachim Hertzberg; Kai Lingemann; Andreas Nüchter ",
title        = "Mobile Roboter",
publisher    = "Srpinger Vieweg  Verlag ",
address      = "Berlin",
year         = "2012",
isbn         = "978-3-642-01725-4",
}

@Book{MeWi1999,
author       = "Gerhard Merzinger; Thomas Wirth ",
title        = "Repetitorium der Höheren Mathematik ",
publisher    = "Binom Verlag ",
address      = "Springe",
year         = "1999",
isbn         = "3-923 923-33-3",
}


@ARTICLE{Moore1965,
	author = "Gordon.E.Moore",
	title = "Cramming more components onto integrated circuits",
	journal = "Electronics",
	year = "1965",
	volume = "38",
	pages = "114-117",
	number = "8",
	month = "apr",
	publisher = "IEE",
	url = "https://www.cs.utexas.edu/~fussell/courses/cs352h/papers/moore.pdf"
}

@comment{jabref-meta: selector_publisher:}

@comment{jabref-meta: selector_author:}

@comment{jabref-meta: selector_journal:}

@comment{jabref-meta: selector_keywords:}

